@book{DBLP:books/daglib/0035083,
        title = {Certified programming with dependent types - {A} pragmatic introduction to the coq proof assistant},
        isbn = {978-0-262-02665-9},
        url = {http://mitpress.mit.edu/books/certified-programming-dependent-types},
        publisher = {MIT Press},
        author = {Chlipala, Adam},
        year = {2013},
 }

@book{DBLP:books/daglib/0030032,
        series = {{SEI} series in software engineering},
        title = {Model-based engineering with {AADL} - an introduction to the {SAE} architecture analysis and design language},
        isbn = {978-0-321-88894-5},
        url = {http://www.pearsoned.co.uk/bookshop/detail.asp?item=100000000518651},
        publisher = {Addison-Wesley},
        author = {Feiler, Peter H. and Gluch, David P.},
        year = {2012},
 }